@misc{kmeans-univallo,
  title = {K-means assignment},
  howpublished = {\url{https://trasgo.infor.uva.es/sdm_downloads/k-means/}},
  note = {Accessed: 2025-01-29}
}